@Book{AMSA,
  editor = "R. A. Johnson and D. W. Wichern",
  title = 	 "Applied Multivariate Statistical Analysis, 6th Edition",
  publisher = 	 "Pearson Education and Tsinghua University Press",
  year = 	 "2008",
  address =	 "Beijing, China"
}

@Book{MASS,
    title = {Modern Applied Statistics with S},
    author = {W. N. Venables and B. D. Ripley},
    publisher = {Springer},
    edition = {Fourth},
    address = {New York},
    year = {2002},
    note = {ISBN 0-387-95457-0},
    url = {http://www.stats.ox.ac.uk/pub/MASS4},
  }

@Manual{forecast1,
    title = {{forecast}: Forecasting functions for time series and
      linear models},
    author = {Rob J Hyndman},
    year = {2017},
    note = {R package version 8.2},
    url = {http://pkg.robjhyndman.com/forecast},
}

@Article{forecast2,
    title = {Automatic time series forecasting: the forecast package
      for {R}},
    author = {Rob J Hyndman and Yeasmin Khandakar},
    journal = {Journal of Statistical Software},
    volume = {26},
    number = {3},
    pages = {1--22},
    year = {2008},
    url = {http://www.jstatsoft.org/article/view/v027i03},
  }
